{
  "leader": "03056cam a2200469 a 4500",
  "fields": [
    {
      "001": "ocn272304294"
    },
    {
      "003": "OCoLC"
    },
    {
      "005": "20220708141817.0"
    },
    {
      "008": "081112s2009\\\\\\\\nyua\\\\\\\\\\b\\\\\\\\001\\0\\eng\\\\"
    },
    {
      "010": {
        "ind1": "\\",
        "ind2": "\\",
        "subfields": [
          {
            "a": "  2008046478"
          }
        ]
      }
    },
    {
      "040": {
        "ind1": "\\",
        "ind2": "\\",
        "subfields": [
          {
            "a": "DLC"
          },
          {
            "b": "eng"
          },
          {
            "c": "DLC"
          },
          {
            "d": "BTCTA"
          },
          {
            "d": "YDXCP"
          },
          {
            "d": "C#P"
          },
          {
            "d": "CDX"
          },
          {
            "d": "BWX"
          },
          {
            "d": "GEBAY"
          },
          {
            "d": "UTV"
          },
          {
            "d": "FHC"
          },
          {
            "d": "BDX"
          },
          {
            "d": "OCLCF"
          },
          {
            "d": "OCLCQ"
          },
          {
            "d": "OCLCO"
          },
          {
            "d": "IOK"
          },
          {
            "d": "CEF"
          },
          {
            "d": "OCLCO"
          }
        ]
      }
    },
    {
      "019": {
        "ind1": "\\",
        "ind2": "\\",
        "subfields": [
          {
            "a": "1022626002"
          }
        ]
      }
    },
    {
      "020": {
        "ind1": "\\",
        "ind2": "\\",
        "subfields": [
          {
            "a": "9780871540782"
          }
        ]
      }
    },
    {
      "020": {
        "ind1": "\\",
        "ind2": "\\",
        "subfields": [
          {
            "a": "0871540789"
          }
        ]
      }
    },
    {
      "035": {
        "ind1": "\\",
        "ind2": "\\",
        "subfields": [
          {
            "a": "(OCoLC)272304294"
          },
          {
            "z": "(OCoLC)1022626002"
          }
        ]
      }
    },
    {
      "050": {
        "ind1": "0",
        "ind2": "0",
        "subfields": [
          {
            "a": "HG1601"
          },
          {
            "b": ".I67 2009"
          }
        ]
      }
    },
    {
      "082": {
        "ind1": "0",
        "ind2": "0",
        "subfields": [
          {
            "a": "332.17"
          },
          {
            "b": "INS"
          }
        ]
      }
    },
    {
      "245": {
        "ind1": "0",
        "ind2": "0",
        "subfields": [
          {
            "a": "Insufficient funds :"
          },
          {
            "b": "savings, assets, credit, and banking among low-income households /"
          },
          {
            "c": "edited by Rebecca M. Blank and Michael S. Barr."
          }
        ]
      }
    },
    {
      "260": {
        "ind1": "\\",
        "ind2": "\\",
        "subfields": [
          {
            "a": "New York :"
          },
          {
            "b": "Russell Sage Foundation,"
          },
          {
            "c": "\u00a92009."
          }
        ]
      }
    },
    {
      "300": {
        "ind1": "\\",
        "ind2": "\\",
        "subfields": [
          {
            "a": "x, 326 pages :"
          },
          {
            "b": "illustrations ;"
          },
          {
            "c": "25 cm."
          }
        ]
      }
    },
    {
      "336": {
        "ind1": "\\",
        "ind2": "\\",
        "subfields": [
          {
            "a": "text"
          },
          {
            "b": "txt"
          },
          {
            "2": "rdacontent"
          }
        ]
      }
    },
    {
      "337": {
        "ind1": "\\",
        "ind2": "\\",
        "subfields": [
          {
            "a": "unmediated"
          },
          {
            "b": "n"
          },
          {
            "2": "rdamedia"
          }
        ]
      }
    },
    {
      "338": {
        "ind1": "\\",
        "ind2": "\\",
        "subfields": [
          {
            "a": "volume"
          },
          {
            "b": "nc"
          },
          {
            "2": "rdacarrier"
          }
        ]
      }
    },
    {
      "490": {
        "ind1": "1",
        "ind2": "\\",
        "subfields": [
          {
            "a": "The National Poverty Center series on poverty and public policy"
          }
        ]
      }
    },
    {
      "504": {
        "ind1": "\\",
        "ind2": "\\",
        "subfields": [
          {
            "a": "Includes bibliographical references and index."
          }
        ]
      }
    },
    {
      "505": {
        "ind1": "0",
        "ind2": "0",
        "subfields": [
          {
            "t": "Savings, assets, credit, and banking among low-income households : introduction and overview /"
          },
          {
            "r": "Michael S. Barr,"
          },
          {
            "r": "Rebecca M. Blank --"
          },
          {
            "t": "The assets and liabilities held by low-income families /"
          },
          {
            "r": "John Karl Scholz,"
          },
          {
            "r": "Ananth Seshadri --"
          },
          {
            "t": "Financial services, saving, and borrowing among low- and moderate-income households : evidence from the Detroit area household financial services study /"
          },
          {
            "r": "Michael S. Barr --"
          },
          {
            "t": "Banking low-income populations : perspectives from South Africa /"
          },
          {
            "r": "Daryl Collins,"
          },
          {
            "r": "Jonathan Morduch --"
          },
          {
            "t": "Savings policy and decision-making in low-income households /"
          },
          {
            "r": "Sendhil Mullainathan,"
          },
          {
            "r": "Eldar Shafir --"
          },
          {
            "t": "Using financial innovation to support savers : from coercion to excitement /"
          },
          {
            "r": "Peter Tufano,"
          },
          {
            "r": "Daniel Schneider --"
          },
          {
            "t": "Individual development accounts and asset-building policy : lessons and directions /"
          },
          {
            "r": "Michael Sherraden --"
          },
          {
            "t": "Homeownership : America's dream /"
          },
          {
            "r": "Raphael W. Bostic,"
          },
          {
            "r": "Kwan Ok Lee --"
          },
          {
            "t": "Patterns of credit card use among low- and moderate-income households /"
          },
          {
            "r": "Ronald J. Mann --"
          },
          {
            "t": "Immigrants' access to financial services and asset accumulation /"
          },
          {
            "r": "Una Okonkwo Osili,"
          },
          {
            "r": "Anna L. Paulson."
          }
        ]
      }
    },
    {
      "650": {
        "ind1": "\\",
        "ind2": "0",
        "subfields": [
          {
            "a": "Financial services industry"
          },
          {
            "v": "Case studies."
          }
        ]
      }
    },
    {
      "650": {
        "ind1": "\\",
        "ind2": "0",
        "subfields": [
          {
            "a": "Low-income consumers"
          },
          {
            "v": "Case studies."
          }
        ]
      }
    },
    {
      "650": {
        "ind1": "\\",
        "ind2": "0",
        "subfields": [
          {
            "a": "Finance, Personal"
          },
          {
            "v": "Case studies."
          }
        ]
      }
    },
    {
      "650": {
        "ind1": "\\",
        "ind2": "0",
        "subfields": [
          {
            "a": "Households"
          },
          {
            "x": "Economic aspects"
          },
          {
            "v": "Case studies."
          }
        ]
      }
    },
    {
      "650": {
        "ind1": "\\",
        "ind2": "7",
        "subfields": [
          {
            "a": "Finance, Personal."
          },
          {
            "2": "fast"
          },
          {
            "0": "(OCoLC)fst00924449"
          }
        ]
      }
    },
    {
      "650": {
        "ind1": "\\",
        "ind2": "7",
        "subfields": [
          {
            "a": "Financial services industry."
          },
          {
            "2": "fast"
          },
          {
            "0": "(OCoLC)fst00924738"
          }
        ]
      }
    },
    {
      "650": {
        "ind1": "\\",
        "ind2": "7",
        "subfields": [
          {
            "a": "Households"
          },
          {
            "x": "Economic aspects."
          },
          {
            "2": "fast"
          },
          {
            "0": "(OCoLC)fst00962167"
          }
        ]
      }
    },
    {
      "650": {
        "ind1": "\\",
        "ind2": "7",
        "subfields": [
          {
            "a": "Low-income consumers."
          },
          {
            "2": "fast"
          },
          {
            "0": "(OCoLC)fst01003209"
          }
        ]
      }
    },
    {
      "655": {
        "ind1": "\\",
        "ind2": "7",
        "subfields": [
          {
            "a": "Case studies."
          },
          {
            "2": "fast"
          },
          {
            "0": "(OCoLC)fst01423765"
          }
        ]
      }
    },
    {
      "700": {
        "ind1": "1",
        "ind2": "\\",
        "subfields": [
          {
            "a": "Blank, Rebecca M."
          }
        ]
      }
    },
    {
      "700": {
        "ind1": "1",
        "ind2": "\\",
        "subfields": [
          {
            "a": "Barr, Michael S."
          }
        ]
      }
    },
    {
      "830": {
        "ind1": "\\",
        "ind2": "0",
        "subfields": [
          {
            "a": "National Poverty Center series on poverty and public policy."
          }
        ]
      }
    },
    {
      "856": {
        "ind1": "4",
        "ind2": "2",
        "subfields": [
          {
            "z": "Additional Information at Google Books"
          },
          {
            "u": "http://books.google.com/books?isbn=9780871540782"
          }
        ]
      }
    },
    {
      "994": {
        "ind1": "\\",
        "ind2": "\\",
        "subfields": [
          {
            "a": "Z0"
          },
          {
            "b": "NYRVC"
          }
        ]
      }
    },
    {
      "948": {
        "ind1": "\\",
        "ind2": "\\",
        "subfields": [
          {
            "h": "NO HOLDINGS IN NYRVC - 285 OTHER HOLDINGS"
          }
        ]
      }
    },
    {
      "999": {
        "ind1": "\\",
        "ind2": "\\",
        "subfields": [
          {
            "a": "00000000026178"
          }
        ]
      }
    }
  ]
}